@misc{ardupilot,
  title={{ArduPilot}},
  howpublished={\url{http://ardupilot.com}},
  author={{The ArduPilot Team}},
  note = {Accessed: 2017-01-25}
}

@misc{chargecoregit,
  title={{ChargeCore}},
  howpublished={\url{https://github.com/jesper-bengtson/ChargeCore}},
  author={{Jesper Bengtson}},
  note = {Accessed: 2017-02-12}
}

* Obstacle avoidance
@INPROCEEDINGS{gurriet16geofence,
author={T. Gurriet and L. Ciarletta}, 
booktitle={2016 International Conference on Unmanned Aircraft Systems (ICUAS)}, 
title={Towards a generic and modular geofencing strategy for civilian UAVs}, 
year={2016}, 
pages={540-549}, 
keywords={aerospace safety;aerospace simulation;autonomous aerial vehicles;collision avoidance;optimisation;vehicle dynamics;UAV safety;autonomous flight;civilian UAV;closest point approach;collision avoidance;collision avoidance system;constrained optimization;generic geofencing strategy;geographic geometry reference model;global positioning;modular geofencing strategy;obstacle avoidance;piloted flight;real-world vehicles;reference systems;simulation framework;vehicle dynamic;Collision avoidance;Earth;Geometry;Safety;Training;Vehicle dynamics;Vehicles}, 
doi={10.1109/ICUAS.2016.7502603}, 
month={June},}

* TLA
@article{lamport1994temporal,
  title={The temporal logic of actions},
  author={Lamport, Leslie},
  journal={TOPLAS},
  volume={16},
  number={3},
  pages={872--923},
  year={1994},
  publisher={ACM}
}

@book{lamportspecsys,
 author = {Lamport, Leslie},
 title = {{Specifying Systems: The TLA+ Language and Tools for Hardware and Software Engineers}},
 year = {2002},
 isbn = {032114306X},
 publisher = {Addison-Wesley Longman Publishing Co., Inc.},
 address = {Boston, MA, USA},
}

@incollection{lamport1993hybrid,
year={1993},
isbn={978-3-540-57318-0},
booktitle={Hybrid Systems},
volume={736},
series={Lecture Notes in Computer Science},
editor={Grossman, RobertL. and Nerode, Anil and Ravn, AndersP. and Rischel, Hans},
doi={10.1007/3-540-57318-6_25},
title={Hybrid systems in {TLA}+},
url={http://dx.doi.org/10.1007/3-540-57318-6_25},
publisher={Springer Berlin Heidelberg},
author={Lamport, Leslie},
pages={77-102},
language={English}
}

@techreport{lamport2005real,
  title={Real time is really simple},
  author={Lamport, Leslie},
  year={2005},
  institution={MSR-TR-2005-30, Microsoft Research}
}

@article{abadi1994realtime,
 author = {Abadi, Mart\'{\i}n and Lamport, Leslie},
 title = {An Old-fashioned Recipe for Real Time},
 journal = {ACM Trans. Program. Lang. Syst.},
 issue_date = {Sept. 1994},
 volume = {16},
 number = {5},
 month = sep,
 year = {1994},
 issn = {0164-0925},
 pages = {1543--1571},
 numpages = {29},
 url = {http://doi.acm.org/10.1145/186025.186058},
 doi = {10.1145/186025.186058},
 acmid = {186058},
 publisher = {ACM},
 address = {New York, NY, USA},
 keywords = {Zeno, composition, concurrent programming, liveness properties, real time, safety properties, temporal logic},
}

@incollection{kalvala95tlaisabelle,
  title={{A formulation of TLA in Isabelle}},
  author={Kalvala, Sara},
  booktitle={Higher Order Logic Theorem Proving and its Applications},
  pages={214--228},
  year={1995},
  publisher={Springer}
}

@inproceedings{chaudhuri2008tla+,
  author    = {Kaustuv Chaudhuri and
               Damien Doligez and
               Leslie Lamport and
               Stephan Merz},
  title     = {Verifying Safety Properties with the {TLA+} Proof System},
  booktitle = {{IJCAR} 2010},
  pages     = {142--148},
  year      = {2010},
  url       = {http://dx.doi.org/10.1007/978-3-642-14203-1_12},
  doi       = {10.1007/978-3-642-14203-1_12},
  timestamp = {Tue, 25 Jan 2011 17:13:32 +0100},
  biburl    = {http://dblp.uni-trier.de/rec/bib/conf/cade/ChaudhuriDLM10},
  bibsource = {dblp computer science bibliography, http://dblp.org}
}

@article{abadi1995conjoin,
 author = {Abadi, Mart\'{\i}n and Lamport, Leslie},
 title = {Conjoining Specifications},
 journal = {ACM Trans. Program. Lang. Syst.},
 issue_date = {May 1995},
 volume = {17},
 number = {3},
 month = may,
 year = {1995},
 issn = {0164-0925},
 pages = {507--535},
 numpages = {29},
 url = {http://doi.acm.org/10.1145/203095.201069},
 doi = {10.1145/203095.201069},
 acmid = {201069},
 publisher = {ACM},
 address = {New York, NY, USA},
 keywords = {composition, concurrent programming, decomposition, liveness properties, modular specification, safety properties, temporal logic},
}

* Quadcopter experiments
@article{Gillula2011,
author = {Gillula, Jeremy H. and Hoffmann, Gabriel M. and Haomiao, Huang and Vitus, Michael P. and Tomlin, Claire J.}, 
title = {Applications of hybrid reachability analysis to robotic aerial vehicles},
volume = {30}, 
number = {3}, 
pages = {335-354}, 
year = {2011}, 
doi = {10.1177/0278364910387173}, 
abstract ={}, 
URL = {http://ijr.sagepub.com/content/30/3/335.abstract}, 
eprint = {http://ijr.sagepub.com/content/30/3/335.full.pdf+html}, 
journal = {The International Journal of Robotics Research} 
}

* Simplex Architecture
@inproceedings{sha1996evolving,
  title={Evolving dependable real-time systems},
  author={Sha, Lui and Rajkumar, Ragunathan and Gagliardi, Michael},
  booktitle={Aerospace Applications Conference},
  pages={335--346},
  year={1996},
  organization={IEEE}
}

@incollection{heckemann2011safe,
year={2011},
isbn={978-3-642-23865-9},
booktitle={Knowledge-Based and Intelligent Information and Engineering Systems},
volume={6884},
series={Lecture Notes in Computer Science},
editor={KÃ¶nig, Andreas and Dengel, Andreas and Hinkelmann, Knut and Kise, Koichi and Howlett, RobertJ. and Jain, LakhmiC.},
doi={10.1007/978-3-642-23866-6_18},
title={Safe Automotive Software},
url={http://dx.doi.org/10.1007/978-3-642-23866-6_18},
publisher={Springer Berlin Heidelberg},
author={Heckemann, Karl and Gesell, Manuel and Pfister, Thomas and Berns, Karsten and Schneider, Klaus and Trapp, Mario},
pages={167-176},
language={English}
}

* Switching Theory
@article{Vu2007639,
title = "Input-to-state stability of switched systems and switching adaptive control ",
journal = "Automatica ",
volume = "43",
number = "4",
pages = "639 - 646",
year = "2007",
note = "",
issn = "0005-1098",
doi = "http://dx.doi.org/10.1016/j.automatica.2006.10.007",
url = "http://www.sciencedirect.com/science/article/pii/S0005109806004420",
author = "L. Vu and D. Chatterjee and D. Liberzon",
keywords = "Switched systems",
keywords = "Nonlinear systems",
keywords = "Supervisory control",
keywords = "Adaptive control",
keywords = "Input-to-state stability ",
abstract = "In this paper we prove that a switched nonlinear system has several useful input-to-state stable (ISS)-type properties under average dwell-time switching signals if each constituent dynamical system is ISS. This extends available results for switched linear systems. We apply our result to stabilization of uncertain nonlinear systems via switching supervisory control, and show that the plant states can be kept bounded in the presence of bounded disturbances when the candidate controllers provide \{ISS\} properties with respect to the estimation errors. Detailed illustrative examples are included. "
}

@book{liberzon2012switching,
  title={Switching in systems and control},
  author={Liberzon, Daniel},
  year={2012},
  publisher={Springer Science \& Business Media}
}

* Control Theory
@book{Simon06estimation,
 author = {Simon, Dan},
 title = {Optimal State Estimation: Kalman, H Infinity, and Nonlinear Approaches},
 year = {2006},
 isbn = {0471708585},
 publisher = {Wiley-Interscience},
}

@book{chen1995sampled,
 author = {Chen, Tongwen and Francis, Bruce A.},
 title = {Optimal Sampled-Data Control Systems},
 year = {1995},
 isbn = {3540199497},
 publisher = {Springer-Verlag New York, Inc.},
 address = {Secaucus, NJ, USA},
}

@ARTICLE{tabuada08approx,
author={P. Tabuada}, 
journal={IEEE Transactions on Automatic Control}, 
title={An Approximate Simulation Approach to Symbolic Control}, 
year={2008}, 
volume={53}, 
number={6}, 
pages={1406-1418}, 
keywords={control system synthesis;feedback;nonlinear control systems;stability;feedback control;finite controller;nonlinear control systems;stabilizability concept;supervisory control;symbolic control;Control system synthesis;Control systems;Design engineering;Design methodology;Failure analysis;Feedback control;Lattices;Nonlinear control systems;Nonlinear systems;Supervisory control;Finite controllers;hybrid controllers;nonlinear systems}, 
doi={10.1109/TAC.2008.925824}, 
ISSN={0018-9286}, 
month={July},}

@Inbook{prajna04barrier,
author="Prajna, Stephen
and Jadbabaie, Ali",
editor="Alur, Rajeev
and Pappas, George J.",
title="Safety Verification of Hybrid Systems Using Barrier Certificates",
bookTitle="Hybrid Systems: Computation and Control: 7th International Workshop, HSCC 2004, Philadelphia, PA, USA, March 25-27, 2004. Proceedings",
year="2004",
publisher="Springer Berlin Heidelberg",
address="Berlin, Heidelberg",
pages="477--492",
isbn="978-3-540-24743-2",
doi="10.1007/978-3-540-24743-2_32",
url="http://dx.doi.org/10.1007/978-3-540-24743-2_32"
}

@Inbook{kong2013barrier,
author="Kong, Hui
and He, Fei
and Song, Xiaoyu
and Hung, William N. N.
and Gu, Ming",
editor="Sharygina, Natasha
and Veith, Helmut",
title="Exponential-Condition-Based Barrier Certificate Generation for Safety Verification of Hybrid Systems",
bookTitle="Computer Aided Verification: 25th International Conference, CAV 2013, Saint Petersburg, Russia, July 13-19, 2013. Proceedings",
year="2013",
publisher="Springer Berlin Heidelberg",
address="Berlin, Heidelberg",
pages="242--257",
isbn="978-3-642-39799-8",
doi="10.1007/978-3-642-39799-8_17",
url="http://dx.doi.org/10.1007/978-3-642-39799-8_17"
}

@inproceedings{taly2009deductive,
  title={Deductive verification of continuous dynamical systems},
  author={Taly, Ankur and Tiwari, Ashish},
  booktitle={LIPIcs-Leibniz International Proceedings in Informatics},
  volume={4},
  year={2009},
  organization={Schloss Dagstuhl-Leibniz-Zentrum f{\"u}r Informatik}
}

@article{Dai17revisited,
title = "Barrier certificates revisited ",
journal = "Journal of Symbolic Computation ",
volume = "80, Part 1",
number = "",
pages = "62 - 86",
year = "2017",
note = "SI: Program Verification ",
issn = "0747-7171",
doi = "http://dx.doi.org/10.1016/j.jsc.2016.07.010",
url = "http://www.sciencedirect.com/science/article/pii/S0747717116300475",
author = "Liyun Dai and Ting Gan and Bican Xia and Naijun Zhan",
keywords = "Hybrid system",
keywords = "Barrier certificate",
keywords = "Formal verification",
keywords = "Invariant",
keywords = "Nonlinear system",
keywords = "Semi-definite programming",
keywords = "Sum of squares ",
}

@INPROCEEDINGS{xu16sharing,
author={X. Xu}, 
booktitle={2016 IEEE 55th Conference on Decision and Control (CDC)}, 
title={Control sharing barrier functions with application to constrained control}, 
year={2016}, 
pages={4880-4885}, 
keywords={feedback;nonlinear control systems;time-varying systems;CBF;constrained control;control design method;control sharing barrier functions;control sharing property;safety constraints;safety specification;strict feedback nonlinear systems;time-varying bounding output constraints;Control design;Nonlinear systems;Optimization;Robustness;Safety;Time-varying systems}, 
doi={10.1109/CDC.2016.7799015}, 
month={Dec},}

@inproceedings{Zeng16barrier,
 author = {Zeng, Xia and Lin, Wang and Yang, Zhengfeng and Chen, Xin and Wang, Lilei},
 title = {Darboux-type Barrier Certificates for Safety Verification of Nonlinear Hybrid Systems},
 booktitle = {Proceedings of the 13th International Conference on Embedded Software},
 series = {EMSOFT '16},
 year = {2016},
 isbn = {978-1-4503-4485-2},
 location = {Pittsburgh, Pennsylvania},
 pages = {11:1--11:10},
 articleno = {11},
 numpages = {10},
 url = {http://doi.acm.org/10.1145/2968478.2968484},
 doi = {10.1145/2968478.2968484},
 acmid = {2968484},
 publisher = {ACM},
 address = {New York, NY, USA},
 keywords = {barrier certificate, darboux polynomial, hybrid systems, polynomial optimization, safety verification},
}

@inproceedings{Liu11barrier,
 author = {Liu, Jiang and Zhan, Naijun and Zhao, Hengjun},
 title = {Computing Semi-algebraic Invariants for Polynomial Dynamical Systems},
 booktitle = {Proceedings of the Ninth ACM International Conference on Embedded Software},
 series = {EMSOFT '11},
 year = {2011},
 isbn = {978-1-4503-0714-7},
 location = {Taipei, Taiwan},
 pages = {97--106},
 numpages = {10},
 url = {http://doi.acm.org/10.1145/2038642.2038659},
 doi = {10.1145/2038642.2038659},
 acmid = {2038659},
 publisher = {ACM},
 address = {New York, NY, USA},
 keywords = {invariant, polynomial dynamical system, semi-algebraic set},
}

@article{Tee09ctrlbarrier,
title = "Barrier Lyapunov Functions for the control of output-constrained nonlinear systems ",
journal = "Automatica ",
volume = "45",
number = "4",
pages = "918 - 927",
year = "2009",
note = "",
issn = "0005-1098",
doi = "http://dx.doi.org/10.1016/j.automatica.2008.11.017",
url = "http://www.sciencedirect.com/science/article/pii/S0005109808005608",
author = "Keng Peng Tee and Shuzhi Sam Ge and Eng Hock Tay",
keywords = "Barrier function",
keywords = "Constraints",
keywords = "Adaptive control",
keywords = "Backstepping",
keywords = "Lyapunov methods ",
}

@ARTICLE{ames2016control,
author={A. D. Ames and X. Xu and J. W. Grizzle and P. Tabuada}, 
journal={IEEE Transactions on Automatic Control}, 
title={Control Barrier Function Based Quadratic Programs for Safety Critical Systems}, 
year={2016}, 
volume={PP}, 
number={99}, 
pages={1-1}, 
keywords={Automotive engineering;Cruise control;Electrical engineering;Electronic mail;Lyapunov methods;Safety;Barrier function;Control Lyapunov function;Nonlinear control;Quadratic program;Safety;Set invariance}, 
doi={10.1109/TAC.2016.2638961}, 
ISSN={0018-9286}, 
month={},}

@article{xu15barrier,
title = "Robustness of Control Barrier Functions for Safety Critical Control",
journal = "IFAC-PapersOnLine",
volume = "48",
number = "27",
pages = "54 - 61",
year = "2015",
note = "",
issn = "2405-8963",
doi = "http://dx.doi.org/10.1016/j.ifacol.2015.11.152",
url = "http://www.sciencedirect.com/science/article/pii/S2405896315024106",
author = "Xiangru Xu and Paulo Tabuada and Jessy W. Grizzle and Aaron D. Ames",
keywords = "Barrier function",
keywords = "Invariant set",
keywords = "Quadratic program",
keywords = "Robustness",
keywords = "Continuity"
}

@INPROCEEDINGS{nguyen16barrier,
author={Q. Nguyen and K. Sreenath}, 
booktitle={2016 American Control Conference (ACC)}, 
title={Exponential Control Barrier Functions for enforcing high relative-degree safety-critical constraints}, 
year={2016}, 
pages={322-328}, 
keywords={linear systems;nonlinear control systems;elastic actuators;exponential CBF;exponential control barrier functions;high relative-degree safety-critical constraint enforcement;linear control theory;relative degree 4 nonlinear system;relative degree 6 linear system;serial cart-spring system;strict state-dependent high relative degree safety constraints;systematic design method;two-link pendulum;Control design;Control theory;Design methodology;Lyapunov methods;Nonlinear systems;Safety;Systematics}, 
doi={10.1109/ACC.2016.7524935}, 
month={July},}

@article{rao2001naive,
  title={Naive control of the double integrator},
  author={Rao, Venkatesh G and Bernstein, Dennis S},
  journal={IEEE Control Systems},
  volume={21},
  number={5},
  pages={86--97},
  year={2001},
  publisher={IEEE}
}

@book{aubin2009viability,
  title={Viability theory},
  author={Aubin, Jean-Pierre},
  year={2009},
  publisher={Springer Science \& Business Media}
}

@article{laila02sampled,
title = "Open- and Closed-Loop Dissipation Inequalities Under Sampling and Controller Emulation",
journal = "European Journal of Control",
volume = "8",
number = "2",
pages = "109 - 125",
year = "2002",
note = "",
issn = "0947-3580",
doi = "http://dx.doi.org/10.3166/ejc.8.109-125",
url = "http://www.sciencedirect.com/science/article/pii/S0947358002702161",
author = "Dina S. Laila and Dragan NeÅ¡iÄ and Andrew R. Teel",
keywords = "Discrete-Time",
keywords = "Dissipation",
keywords = "Emulation Design",
keywords = "Nonlinear",
keywords = "Sampled-Data"
}

@ARTICLE{bemporad98reference,
author={A. Bemporad}, 
journal={IEEE Transactions on Automatic Control}, 
title={Reference governor for constrained nonlinear systems}, 
year={1998}, 
volume={43}, 
number={3}, 
pages={415-419}, 
keywords={asymptotic stability;continuous time systems;control system analysis;nonlinear control systems;optimisation;predictive control;tracking;asymptotic stability;constrained nonlinear systems;constrained satisfaction problem;continuous time systems;discrete-time systems;optimisation;predictive control;reference governor;tracking;Control systems;Feedback control;Nonlinear control systems;Nonlinear dynamical systems;Nonlinear systems;Optimal control;Optimization methods;Predictive control;Roentgenium;Stability}, 
doi={10.1109/9.661611}, 
ISSN={0018-9286}, 
month={Mar},}

@inproceedings{Gillula14sampled,
 author = {Gillula, Jeremy H. and Kaynama, Shahab and Tomlin, Claire J.},
 title = {Sampling-based Approximation of the Viability Kernel for High-dimensional Linear Sampled-data Systems},
 booktitle = {Proceedings of the 17th International Conference on Hybrid Systems: Computation and Control},
 series = {HSCC '14},
 year = {2014},
 isbn = {978-1-4503-2732-9},
 location = {Berlin, Germany},
 pages = {173--182},
 numpages = {10},
 url = {http://doi.acm.org/10.1145/2562059.2562117},
 doi = {10.1145/2562059.2562117},
 acmid = {2562117},
 publisher = {ACM},
 address = {New York, NY, USA},
 keywords = {constrained sampled-data systems, sampling-based algorithms, viability kernel approximations},
}

@inproceedings{Zutshi12sampled,
 author = {Zutshi, Aditya and Sankaranarayanan, Sriram and Tiwari, Ashish},
 title = {Timed Relational Abstractions for Sampled Data Control Systems},
 booktitle = {Proceedings of the 24th International Conference on Computer Aided Verification},
 series = {CAV'12},
 year = {2012},
 isbn = {978-3-642-31423-0},
 location = {Berkeley, CA},
 pages = {343--361},
 numpages = {19},
 url = {http://dx.doi.org/10.1007/978-3-642-31424-7_27},
 doi = {10.1007/978-3-642-31424-7_27},
 acmid = {2362251},
 publisher = {Springer-Verlag},
 address = {Berlin, Heidelberg},
}

@inproceedings{simko14bmc,
 author = {Simko, Gabor and Jackson, Ethan K.},
 title = {A Bounded Model Checking Tool for Periodic Sample-hold Systems},
 booktitle = {Proceedings of the 17th International Conference on Hybrid Systems: Computation and Control},
 series = {HSCC '14},
 year = {2014},
 isbn = {978-1-4503-2732-9},
 location = {Berlin, Germany},
 pages = {157--162},
 numpages = {6},
 url = {http://doi.acm.org/10.1145/2562059.2562134},
 doi = {10.1145/2562059.2562134},
 acmid = {2562134},
 publisher = {ACM},
 address = {New York, NY, USA},
 keywords = {bounded model checking, sample-hold systems},
}

@inproceedings{silva2000modeling,
  title={Modeling and verifying hybrid dynamic systems using CheckMate},
  author={Silva, B Izaias and Richeson, Keith and Krogh, Bruce and Chutinan, Alongkrit},
  booktitle={Proceedings of 4th International Conference on Automation of Mixed Processes},
  volume={4},
  pages={1--7},
  year={2000}
}

@INPROCEEDINGS{silva01sampled,
author={B. I. Silva and B. H. Krogh}, 
booktitle={Proceedings of the 40th IEEE Conference on Decision and Control (Cat. No.01CH37228)}, 
title={Modeling and verification of hybrid systems with clocked and unclocked events}, 
year={2001}, 
volume={1}, 
pages={762-767 vol.1}, 
keywords={automata theory;computational complexity;discrete event systems;modelling;reachability analysis;SDHA;approximate quotient transition systems;clocked events;efficient computational methods;hybrid system modeling;hybrid system verification;reachable sets;sampled-data hybrid automata;transition system semantics;unclocked events;Automata;Automatic control;Clocks;Control systems;Frequency;Jitter;Logic;Microwave integrated circuits;Sampling methods;Uncertainty}, 
doi={10.1109/.2001.980198}, 
month={},}

@article{mitchell2013safety,
  title={Safety preserving control synthesis for sampled data systems},
  author={Mitchell, Ian M and Kaynama, Shahab and Chen, Mo and Oishi, Meeko},
  journal={Nonlinear Analysis: Hybrid Systems},
  volume={10},
  pages={63--82},
  year={2013},
  publisher={Elsevier}
}

@inproceedings{mitchell2015improved,
  title={An improved algorithm for robust safety analysis of sampled data systems},
  author={Mitchell, Ian M and Kaynama, Shahab},
  booktitle={Proceedings of the 18th International Conference on Hybrid Systems: Computation and Control},
  pages={21--30},
  year={2015},
  organization={ACM}
}

@INPROCEEDINGS{prajna05delay,
author={S. Prajna and A. Jadbabaie}, 
booktitle={Proceedings of the 44th IEEE Conference on Decision and Control}, 
title={Methods for Safety Verification of Time-Delay Systems}, 
year={2005}, 
pages={4348-4353}, 
keywords={Application software;Automata;Communication system control;Control systems;Differential equations;Polynomials;Robust stability;Safety;Stability analysis;State-space methods}, 
doi={10.1109/CDC.2005.1582846}, 
ISSN={0191-2216}, 
month={Dec},}

@article{Fridman04delay,
title = "Robust sampled-data stabilization of linear systems: an input delay approach ",
journal = "Automatica ",
volume = "40",
number = "8",
pages = "1441 - 1446",
year = "2004",
note = "",
issn = "0005-1098",
doi = "http://dx.doi.org/10.1016/j.automatica.2004.03.003",
url = "http://www.sciencedirect.com/science/article/pii/S0005109804000913",
author = "Emilia Fridman and Alexandre Seuret and Jean-Pierre Richard",
keywords = "Sampled-data control",
keywords = "Stabilization",
keywords = "Input delay",
keywords = "LMI",
keywords = "Time-varying delay ",
}

@article{seuret13sampled,
  TITLE = {{Stability analysis of sampled-data systems using Sum of Squares}},
  AUTHOR = {Seuret, Alexandre and Peet, Matthew M.},
  URL = {https://hal.archives-ouvertes.fr/hal-00753538},
  JOURNAL = {{IEEE Transactions on Automatic Control}},
  HAL_LOCAL_REFERENCE = {Rapport LAAS n{\textdegree} 12650},
  PUBLISHER = {{Institute of Electrical and Electronics Engineers}},
  VOLUME = {58},
  NUMBER = {6},
  PAGES = {1620-1625},
  YEAR = {2013},
  MONTH = Jan,
  DOI = {10.1109/TAC.2012.2232378},
  KEYWORDS = {Sampled-Data systems ; Lyapunov function ; Sum of Squares},
  PDF = {https://hal.archives-ouvertes.fr/hal-00753538/file/SOSSamSys2columns.pdf},
  HAL_ID = {hal-00753538},
  HAL_VERSION = {v1},
}

@article{chen1991input,
  title={Input-output stability of sampled-data systems},
  author={Chen, Tongwen and Francis, Bruce A},
  journal={IEEE Transactions on Automatic Control},
  volume={36},
  number={1},
  pages={50--58},
  year={1991},
  publisher={IEEE}
}

@inproceedings{Sloth12composition,
 author = {Sloth, Christoffer and Pappas, George J. and Wisniewski, Rafael},
 title = {Compositional Safety Analysis Using Barrier Certificates},
 booktitle = {Proceedings of the 15th ACM International Conference on Hybrid Systems: Computation and Control},
 series = {HSCC '12},
 year = {2012},
 isbn = {978-1-4503-1220-2},
 location = {Beijing, China},
 pages = {15--24},
 numpages = {10},
 url = {http://doi.acm.org/10.1145/2185632.2185639},
 doi = {10.1145/2185632.2185639},
 acmid = {2185639},
 publisher = {ACM},
 address = {New York, NY, USA},
 keywords = {compositionality, dynamical systems, reachable sets, safety analysis, sum of squares},
}

@Article{Willems1972,
author="Willems, Jan C.",
title="Dissipative dynamical systems part I: General theory",
journal="Archive for Rational Mechanics and Analysis",
year="1972",
volume="45",
number="5",
pages="321--351",
}

* Robustness
@INPROCEEDINGS{ISSsontag2008,
    author = {Eduardo D. Sontag},
    title = {Input to state stability: Basic concepts and results},
    booktitle = {Nonlinear and Optimal Control Theory},
    year = {2006},
    pages = {163--220},
    publisher = {Springer}
}

@ARTICLE{gruneISDS02,
author={Grune, L.},
journal={Automatic Control, IEEE Transactions on},
title={Input-to-state dynamical stability and its Lyapunov function characterization},
year={2002},
volume={47},
number={9},
pages={1499-1504},
keywords={Lyapunov methods;nonlinear dynamical systems;stability;Lyapunov function;decay estimate;dynamical system;input-to-state stability;nonlinear stability;nonlinear systems;small gain theorem;Actuators;Automatic control;Communication system control;Discrete event systems;Lyapunov method;Notice of Violation;Observability;Polynomials;Sensor systems;Stability},
doi={10.1109/TAC.2002.802761},
ISSN={0018-9286},
month={Sep},}

@article{tabuadarobust13,
  author    = {Matthias Rungger and
               Paulo Tabuada},
  title     = {Abstracting and refining robustness for cyber-physical systems},
  journal   = {CoRR},
  volume    = {abs/1310.5199},
  year      = {2013},
  url       = {http://arxiv.org/abs/1310.5199},
  timestamp = {Mon, 04 Nov 2013 15:55:47 +0100},
  biburl    = {http://dblp.uni-trier.de/rec/bib/journals/corr/RunggerT13},
  bibsource = {dblp computer science bibliography, http://dblp.org}
}


* Hybrid Logic
@article{bresolin2013hyltl,
   author = {{Bresolin}, D.},
    title = "{HyLTL: a temporal logic for model checking hybrid systems}",
  journal = {ArXiv e-prints},
archivePrefix = "arXiv",
   eprint = {1308.5336},
 primaryClass = "cs.LO",
 keywords = {Computer Science - Logic in Computer Science, Computer Science - Formal Languages and Automata Theory, Computer Science - Systems and Control},
     year = 2013,
    month = aug,
   adsurl = {http://adsabs.harvard.edu/abs/2013arXiv1308.5336B},
  adsnote = {Provided by the SAO/NASA Astrophysics Data System}
}

@book{ostroff1989temporal,
  title={Temporal logic for real-time systems},
  author={Ostroff, Jonathan S},
  volume={40},
  year={1989},
  publisher={Cambridge Univ Press}
}

@inproceedings{LiuHHL10,
 author = {Liu, Jiang and Lv, Jidong and Quan, Zhao and Zhan, Naijun and Zhao, Hengjun and Zhou, Chaochen and Zou, Liang},
 title = {{A Calculus for Hybrid CSP}},
 blahbooktitle = {Proceedings of the 8th Asian Conference on Programming Languages and Systems},
 series = {APLAS'10},
 year = {2010},
 isbn = {3-642-17163-X, 978-3-642-17163-5},
 location = {Shanghai, China},
 pages = {1--15},
 numpages = {15},
 url = {http://dl.acm.org/citation.cfm?id=1947873.1947875},
 acmid = {1947875},
 publisher = {Springer-Verlag},
 address = {Berlin, Heidelberg},
 keywords = {DISCOVERER, Hoare logic, chinese train control system, differential invariant, duration calculus, hybrid CSP, hybrid Logic},
}

@Inbook{WangHHL2015,
author="Wang, Shuling
and Zhan, Naijun
and Zou, Liang",
editor="Butler, Michael
and Conchon, Sylvain
and Za{\"i}di, Fatiha",
title="An Improved HHL Prover: An Interactive Theorem Prover for Hybrid Systems",
bookTitle="Formal Methods and Software Engineering: 17th International Conference on Formal Engineering Methods, ICFEM 2015, Paris, France, November 3-5, 2015, Proceedings",
year="2015",
publisher="Springer International Publishing",
address="Cham",
pages="382--399",
isbn="978-3-319-25423-4",
doi="10.1007/978-3-319-25423-4_25",
url="http://dx.doi.org/10.1007/978-3-319-25423-4_25"
}


* Hybrid Automata
@inproceedings{Henzinger96theoryhybrid,
  author    = {Thomas A. Henzinger},
  title     = {The Theory of Hybrid Automata},
  booktitle = {{LICS} '96},
  pages     = {278--292},
  year      = {1996},
  url       = {http://dx.doi.org/10.1109/LICS.1996.561342},
  doi       = {10.1109/LICS.1996.561342},
  timestamp = {Sat, 22 Nov 2014 13:44:45 +0100},
  biburl    = {http://dblp.uni-trier.de/rec/bib/conf/lics/Henzinger96},
  bibsource = {dblp computer science bibliography, http://dblp.org}
}

@inproceedings{LivadasL98,
  author    = {Carolos Livadas and
               Nancy A. Lynch},
  title     = {Formal Verification of Safety-Critical Hybrid Systems},
  booktitle = {{HSCC} '98},
  year      = {1998},
  url       = {http://dx.doi.org/10.1007/3-540-64358-3_44},
  doi       = {10.1007/3-540-64358-3_44},
  timestamp = {Thu, 16 Jun 2011 15:51:23 +0200},
  biburl    = {http://dblp.uni-trier.de/rec/bib/conf/hybrid/LivadasL98},
  bibsource = {dblp computer science bibliography, http://dblp.org}
}

@article{HenzingerKPV98,
  author    = {Thomas A. Henzinger and
               Peter W. Kopke and
               Anuj Puri and
               Pravin Varaiya},
  title     = {What's Decidable about Hybrid Automata?},
  journal   = {J. Comput. Syst. Sci.},
  volume    = {57},
  number    = {1},
  pages     = {94--124},
  year      = {1998},
  url       = {http://dx.doi.org/10.1006/jcss.1998.1581},
  doi       = {10.1006/jcss.1998.1581},
  timestamp = {Tue, 05 Jul 2011 11:11:12 +0200},
  biburl    = {http://dblp.uni-trier.de/rec/bib/journals/jcss/HenzingerKPV98},
  bibsource = {dblp computer science bibliography, http://dblp.org}
}

* Model Checking Hybrid Systems
@inproceedings{HyTechCAV97,
  author    = {Thomas A. Henzinger and
               Pei{-}Hsin Ho and
               Howard Wong{-}Toi},
  title     = {{HYTECH:} {A} Model Checker for Hybrid Systems},
  booktitle = {{CAV} '97},
  year      = {1997},
  url       = {http://dx.doi.org/10.1007/3-540-63166-6_48},
  doi       = {10.1007/3-540-63166-6_48},
  timestamp = {Fri, 25 Sep 2009 10:07:36 +0200},
  biburl    = {http://dblp.uni-trier.de/rec/bib/conf/cav/HenzingerHW97},
  bibsource = {dblp computer science bibliography, http://dblp.org}
}

@article{PHAVerSTTT08,
  author    = {Goran Frehse},
  title     = {{PHAVer: algorithmic verification of hybrid systems past HyTech}},
  journal   = {{STTT}},
  volume    = {10},
  number    = {3},
  pages     = {263--279},
  year      = {2008},
  url       = {http://dx.doi.org/10.1007/s10009-007-0062-x},
  doi       = {10.1007/s10009-007-0062-x},
  timestamp = {Tue, 25 Nov 2008 14:46:58 +0100},
  biburl    = {http://dblp.uni-trier.de/rec/bib/journals/sttt/Frehse08},
  bibsource = {dblp computer science bibliography, http://dblp.org}
}

@inproceedings{frehse2011spaceex,
 ALLauthor = {Frehse, G. and Le Guernic, C. and Donz{\'e}, A. and Cotton, S. and Ray, R. and Lebeltel, O. and Ripado, R. and Girard, A. and Dang, T. and Maler, O.},
 author = "G. Frehse \textit{et al}",
 title = {{SpaceEx: Scalable Verification of Hybrid Systems}},
 blahbooktitle = {Proceedings of the 23rd International Conference on Computer Aided Verification},
 series = {CAV'11},
 year = {2011},
 isbn = {978-3-642-22109-5},
 location = {Snowbird, UT},
 pages = {379--395},
 numpages = {17},
 url = {http://dl.acm.org/citation.cfm?id=2032305.2032335},
 acmid = {2032335},
 publisher = {Springer-Verlag},
 BLAHaddress = {Berlin, Heidelberg},
}

@inproceedings{frehse2011spaceex-small,
 ALLauthor = {Frehse, G. and Le Guernic, C. and Donz{\'e}, A. and Cotton, S. and Ray, R. and Lebeltel, O. and Ripado, R. and Girard, A. and Dang, T. and Maler, O.},
 author = "G. Frehse \textit{et al}",
 title = {{SpaceEx: Scalable Verification of Hybrid Systems}},
 blahbooktitle = {Proceedings of the 23rd International Conference on Computer Aided Verification},
 series = {CAV'11},
 year = {2011},
 isbn = {978-3-642-22109-5},
 location = {Snowbird, UT},
 numpages = {17},
 url = {http://dl.acm.org/citation.cfm?id=2032305.2032335},
 acmid = {2032335},
 publisher = {Springer-Verlag},
 BLAHaddress = {Berlin, Heidelberg},
}

@inproceedings{chen2015flow,
  author    = {Xin Chen and Sriram Sankaranarayanan and Erika Abraham},
  title     = {Flow* 1.2: More Effective to Play with Hybrid Systems},
  booktitle = {ARCH14-15},
  BLAHeditor    = {Goran Frehse and Matthias Althoff},
  series    = {EPiC Series in Computing},
  volume    = {34},
  pages     = {152-159},
  year      = {2015},
  BLAHpublisher = {EasyChair},
  BLAHbibsource = {EasyChair, http://www.easychair.org},
  issn      = {2040-557X}
}

@inproceedings{kong2015dreach,
author="Kong, Soonho
and Gao, Sicun
and Chen, Wei
and Clarke, Edmund",
editor="Baier, Christel
and Tinelli, Cesare",
title={{dReach: $\delta$-Reachability Analysis for Hybrid Systems}},
conference="TACAS 2015",
year="2015",
publisher="Springer Berlin Heidelberg",
BLAHaddress="Berlin, Heidelberg",
pages="200--205",
isbn="978-3-662-46681-0",
doi="10.1007/978-3-662-46681-0_15",
url="http://dx.doi.org/10.1007/978-3-662-46681-0_15"
}

@article{ClarkeFHKOST03,
  author    = {Edmund M. Clarke and
               Ansgar Fehnker and
               Zhi Han and
               Bruce H. Krogh and
               Jo{\"{e}}l Ouaknine and
               Olaf Stursberg and
               Michael Theobald},
  title     = {Abstraction and Counterexample-Guided Refinement in Model Checking
               of Hybrid Systems},
  journal   = {Int. J. Found. Comput. Sci.},
  volume    = {14},
  number    = {4},
  pages     = {583--604},
  year      = {2003},
  url       = {http://dx.doi.org/10.1142/S012905410300190X},
  doi       = {10.1142/S012905410300190X},
  timestamp = {Thu, 29 Jan 2004 14:24:27 +0100},
  biburl    = {http://dblp.uni-trier.de/rec/bib/journals/ijfcs/ClarkeFHKOST03},
  bibsource = {dblp computer science bibliography, http://dblp.org}
}

@inproceedings{AlurDI03,
  author    = {Rajeev Alur and
               Thao Dang and
               Franjo Ivancic},
  title     = {Counter-Example Guided Predicate Abstraction of Hybrid Systems},
  booktitle = {{TACAS} '03},
  pages     = {208--223},
  year      = {2003},
  url       = {http://dx.doi.org/10.1007/3-540-36577-X_15},
  doi       = {10.1007/3-540-36577-X_15},
  timestamp = {Tue, 05 Jul 2011 11:09:22 +0200},
  biburl    = {http://dblp.uni-trier.de/rec/bib/conf/tacas/AlurDI03},
  bibsource = {dblp computer science bibliography, http://dblp.org}
}

@incollection{uppaal1996,
year={1996},
isbn={978-3-540-61155-4},
booktitle={Hybrid Systems III},
volume={1066},
series={LNCS},
editor={Alur, Rajeev and Henzinger, ThomasA. and Sontag, EduardoD.},
doi={10.1007/BFb0020949},
title={UPPAAL â a tool suite for automatic verification of real-time systems},
url={http://dx.doi.org/10.1007/BFb0020949},
publisher={Springer Berlin Heidelberg},
author={Bengtsson, Johan and Larsen, Kim and Larsson, Fredrik and Pettersson, Paul and Yi, Wang},
pages={232-243},
language={English}
}


* Hybrid Systems in Coq
@inproceedings{ricketts2015memocode,
  title={{Towards Verification of Hybrid Systems in a Foundational Proof Assistant}},
  author={{Daniel Ricketts and Gregory Malecha and Mario M. Alvarez and Vignesh Gowda and Sorin Lerner}},
  year={{2015}},
  booktitle={MEMOCODE '15}
}

@inproceedings{ricketts2015memocode-small,
  title={{Towards Verification of Hybrid Systems in a Foundational Proof Assistant}},
  author={{Ricketts, D., Malecha, G., Alvarez, M., Gowda, V., Lerner, S.}},
  year={{2015}},
  booktitle={MEMOCODE}
}

@misc{chan2016stability,
  title={{Formal Verification of Stability Properties of Cyber-physical Systems}},
  author={{Matthew Chan and Daniel Ricketts and Sorin Lerner and Gregory Malecha}},
  year={{2016}},
  booktitle={CoqPL'16},
  url={http://veridrone.ucsd.edu/papers/coqpl2016.pdf}
}

@unpublished{ricketts2016robustness,
  title={{Verifying Robustness of Cyber-Physical Systems}},
  author={{Daniel Ricketts and Gregory Malecha and Sorin Lerner}},
  year={{2016}}
}

@inproceedings{ricketts2016composition,
 author = {Ricketts, Daniel and Malecha, Gregory and Lerner, Sorin},
 title = {Modular Deductive Verification of Sampled-data Systems},
 booktitle = {Proceedings of the 13th International Conference on Embedded Software},
 series = {EMSOFT '16},
 year = {2016},
 isbn = {978-1-4503-4485-2},
 location = {Pittsburgh, Pennsylvania},
 pages = {17:1--17:10},
 articleno = {17},
 numpages = {10},
 url = {http://doi.acm.org/10.1145/2968478.2968495},
 doi = {10.1145/2968478.2968495},
 acmid = {2968495},
 publisher = {ACM},
 address = {New York, NY, USA},
}

* Hybrid Systems Model Checking
@article{muller2000modelling,
author = { Olaf   MÃ¼ller  and  Thomas   Stauner },
title = {Modelling and Verification using Linear Hybrid Automata -- a Case Study},
journal = {Mathematical and Computer Modelling of Dynamical Systems},
volume = {6},
number = {1},
pages = {71-89},
year = {2000},
doi = {10.1076/1387-3954(200003)6:1;1-Q;FT071},
URL = {http://dx.doi.org/10.1076/1387-3954(200003)6:1;1-Q;FT071},
eprint = {http://dx.doi.org/10.1076/1387-3954(200003)6:1;1-Q;FT071}
}



* Compositionality of Hybrid Systems
@incollection{alur1997modularity,
year={1997},
isbn={978-3-540-63141-5},
booktitle={CONCUR '97},
volume={1243},
BLAHseries={Lecture Notes in Computer Science},
blaheditor={Mazurkiewicz, Antoni and Winkowski, JÃ³zef},
doi={10.1007/3-540-63141-0_6},
title={{Modularity for timed and hybrid systems}},
url={http://dx.doi.org/10.1007/3-540-63141-0_6},
publisher={Springer Berlin Heidelberg},
author={Alur, Rajeev and Henzinger, Thomas A.},
pages={74-88},
language={English}
}

@article{Lynch03IO,
 author = {Lynch, Nancy and Segala, Roberto and Vaandrager, Frits},
 title = {{Hybrid I/O Automata}},
 journal = {Inf. Comput.},
 issue_date = {August 25, 2003},
 volume = {185},
 number = {1},
 month = aug,
 year = {2003},
 issn = {0890-5401},
 pages = {105--157},
 numpages = {53},
 url = {http://dx.doi.org/10.1016/S0890-5401(03)00067-1},
 doi = {10.1016/S0890-5401(03)00067-1},
 acmid = {942115},
 publisher = {Academic Press, Inc.},
 address = {Duluth, MN, USA},
} 

* Supervisory Control
@Article{wonham1988supervisory,
author="Wonham, W. M.
and Ramadge, P. J.",
title="Modular supervisory control of discrete-event systems",
journal="Mathematics of Control, Signals and Systems",
volume="1",
number="1",
pages="13--30",
year= {1988},
issn="1435-568X",
doi="10.1007/BF02551233",
url="http://dx.doi.org/10.1007/BF02551233"
}

@Article{wonham1988supervisory-small,
author="Wonham, W. M.
and Ramadge, P. J.",
title="Modular supervisory control of discrete-event systems",
journal="Mathematics of Control, Signals and Systems",
year= {1988},
issn="1435-568X",
doi="10.1007/BF02551233",
url="http://dx.doi.org/10.1007/BF02551233"
}

* Proof Assistants
@unpublished{coq,
  author = "{Coq Development Team}",
  title = "The {Coq} proof assistant reference manual, version 8.4",
  year = {2012},
  url={http://coq.inria.fr/distrib/V8.4/refman/}
}

@unpublished{coq85,
  author = "{Coq Development Team}",
  title = "The {Coq} proof assistant reference manual, version 8.5",
  year = {2016},
  url={http://coq.inria.fr/distrib/V8.5/refman/}
}

@book{coqart,
  title={{Coq'Art: The Calculus of Inductive Constructions}},
  author={Bertot, Yves and Casteran, Pierre},
  year={2004},
  ISBN={3-540-20854-2}
}

@inproceedings{Besson11smt,
 author = {Besson, Fr{\'e}d{\'e}ric and Cornilleau, Pierre-Emmanuel and Pichardie, David},
 title = {{Modular SMT Proofs for Fast Reflexive Checking Inside Coq}},
 booktitle = {Proceedings of the First International Conference on Certified Programs and Proofs},
 series = {CPP'11},
 year = {2011},
 isbn = {978-3-642-25378-2},
 location = {Kenting, Taiwan},
 pages = {151--166},
 numpages = {16},
 url = {http://dx.doi.org/10.1007/978-3-642-25379-9_13},
 doi = {10.1007/978-3-642-25379-9_13},
 acmid = {2178123},
 publisher = {Springer-Verlag},
 address = {Berlin, Heidelberg},
}

@article{anand2015roscoq,
  title={{ROSCoq: Robots powered by constructive reals}},
  author={Anand, Abhishek and Knepper, Ross},
  journal={ITP'15},
  volume={15},
  pages={2015},
  year={2015}
}

@techreport{bickford2003logic,
  title={A logic of events},
  author={Bickford, Mark and Constable, Robert L},
  year={2003},
  institution={Cornell University}
}

* Automation
@phdthesis{lescuyer2011these,
  author = {St{\'e}phane Lescuyer},
  title = {Formalisation et d\'eveloppement d'une tactique r\'eflexive pour la d\'emonstration automatique en {Coq}},
  school = {Universit{\'e} Paris-Sud},
  type = {Th{\`e}se de Doctorat},
  x-equipes = {demons PROVAL},
  x-support = {rapport},
  x-type = {these},
  topics = {team},
  year = 2011,
  month = jan
}

@inproceedings{lescuyer2009sat,
 author = {S. Lescuyer and S. Conchon},
 title = {Improving {Coq} Propositional Reasoning Using a Lazy {CNF} Conversion Scheme},
 booktitle = {Proc. FroCos},
 year = 2009
}

@inproceedings{CvcPDPAR05,
 author = {S. McLaughlin and C. Barrett and Y. Ge},
 title = {Cooperating theorem provers: A case study combining {HOL-Light} and {CVC Lite}},
 booktitle = {Proc. PDPAR},
 year = 2005
}

@incollection{besson2007micromega,
 year={2007},
 isbn={978-3-540-74463-4},
 booktitle={TYPES},
 volume={4502},
 series={LNCS},
 doi={10.1007/978-3-540-74464-1_4},
 title={Fast Reflexive Arithmetic Tactics the Linear Case and Beyond},
 url={http://dx.doi.org/10.1007/978-3-540-74464-1_4},
 publisher={Springer Berlin Heidelberg},
 author={Besson, Frederic},
 pages={48-62}
}

@book{HarrisonLogic09,
 author = {Harrison, John},
 title = {Handbook of Practical Logic and Automated Reasoning},
 year = {2009},
 isbn = {0521899575, 9780521899574},
 edition = {1st},
 publisher = {Cambridge University Press},
 address = {New York, NY, USA},
} 

@unpublished{denes2014quickchick,
  author={Denes, Maxime and Hritcu, Catalin and Lampropoulos, Leonidas and Paraskevopoulou, Zoe and Pierce, Benjamin C},
  year={2014},
  month={July},
  day={18},
  title={{QuickChick: Property-Based Testing for Coq}},
  booktitle={Coq Workshop}
}


** SMT Solvers
@inproceedings{demoura2008z3,
 author = {De Moura, Leonardo and Bj{\o}rner, Nikolaj},
 title = {{Z3: An Efficient SMT Solver}},
 series = {TACAS'08/ETAPS'08},
 year = {2008},
 isbn = {3-540-78799-2, 978-3-540-78799-0},
 location = {Budapest, Hungary},
 pages = {337--340},
 numpages = {4},
 url = {http://dl.acm.org/citation.cfm?id=1792734.1792766},
 acmid = {1792766},
 publisher = {Springer-Verlag},
 address = {Berlin, Heidelberg},
}

@inproceedings{demoura2008z3-small,
 author = {De Moura, Leonardo and Bj{\o}rner, Nikolaj},
 title = {{Z3: An Efficient SMT Solver}},
 series = {TACAS'08/ETAPS'08},
 year = {2008},
 isbn = {3-540-78799-2, 978-3-540-78799-0},
 location = {Budapest, Hungary},
 pages = {337--340},
 numpages = {4},
 acmid = {1792766},
 publisher = {Springer-Verlag},
 address = {Berlin, Heidelberg},
}

@incollection {barrett2007cvc3,
   author = {Barrett, Clark and Tinelli, Cesare},
   affiliation = {New York University},
   title = {{CVC3}},
   booktitle = {CAV},
   series = lncs,
   publisher = {Springer Berlin / Heidelberg},
   isbn = {978-3-540-73367-6},
   keyword = {Computer Science},
   pages = {298-302},
   volume = 4590,
   url = {http://dx.doi.org/10.1007/978-3-540-73368-3\_34},
   doi = {10.1007/978-3-540-73368-3_34},
   abstract = {CVC3, a joint project of NYU and U Iowa, is the new and latest version of the Cooperating Validity Checker. CVC3 extends and builds on the functionality of its predecessors and includes many new features such as support for additional theories, an abstract architecture for Boolean reasoning, and SMT-LIB compliance. We describe the system and discuss some applications and continuing work.},
   year = 2007
}

@techreport{dutertre2006yices,
    author = {Bruno Dutertre and Leonardo De Moura},
    title = {{The Yices SMT Solver}},
    institution = {SRI International},
    year = {2006}
}


* Abstractor
@incollection {barnett2006boogie,
   author = {Barnett, Mike and Chang, Bor-Yuh and DeLine, Robert and Jacobs, Bart and Leino, K.},
   affiliation = {Microsoft Research, Redmond, Washington, USA},
   title = {Boogie: A Modular Reusable Verifier for Object-Oriented Programs},
   booktitle = {Formal Methods for Components and Objects},
   series = {Lecture Notes in Computer Science},
   publisher = {Springer Berlin / Heidelberg},
   isbn = {978-3-540-36749-9},
   keyword = {Computer Science},
   pages = {364-387},
   volume = {4111},
   url = {http://dx.doi.org/10.1007/11804192\_17},
   doi = {10.1007/11804192\_17},
   year = {2006}
}

@incollection {leino2010poly-boogie,
   author = {Leino, K. and RÃÂ¼mmer, Philipp},
   affiliation = {Microsoft Research Redmond},
   title = {A Polymorphic Intermediate Verification Language: Design and Logical Encoding},
   booktitle = {Tools and Algorithms for the Construction and Analysis of Systems},
   series = {Lecture Notes in Computer Science},
   publisher = {Springer Berlin / Heidelberg},
   isbn = {978-3-642-12001-5},
   keyword = {Computer Science},
   pages = {312-327},
   volume = {6015},
   url = {http://dx.doi.org/10.1007/978-3-642-12002-2\_26},
   doi = {10.1007/978-3-642-12002-2_26},
   abstract = {Intermediate languages are a paradigm to separate concerns in software verification systems when bridging the gap between programming languages and the logics understood by theorem provers. While such intermediate languages traditionally only offer rather simple type systems, this paper argues that it is both advantageous and feasible to integrate richer type systems with features like (higher-ranked) polymorphism and quantification over types. As a concrete solution, the paper presents the type system of Boogie 2, an intermediate verification language that is used in several program verifiers. The paper gives two encodings of types and formulae in simply typed logic such that SMT solvers and other theorem provers can be used to discharge verification conditions.},
   year = {2010}
}


* Synthesis
@inproceedings{delaware2015fiat,
 author = {Delaware, Benjamin and Pit-Claudel, Cl{\'e}ment and Gross, Jason and Chlipala, Adam},
 title = {Fiat: Deductive Synthesis of Abstract Data Types in a Proof Assistant},
 booktitle = {Proceedings of the 42Nd Annual ACM SIGPLAN-SIGACT Symposium on Principles of Programming Languages},
 series = {POPL '15},
 year = {2015},
 isbn = {978-1-4503-3300-9},
 location = {Mumbai, India},
 pages = {689--700},
 numpages = {12},
 url = {http://doi.acm.org/10.1145/2676726.2677006},
 doi = {10.1145/2676726.2677006},
 acmid = {2677006},
 publisher = {ACM},
 address = {New York, NY, USA},
 keywords = {deductive synthesis, mechanized derivation of abstract data types},
}

* Misc
@inproceedings{ricketts14reflex,
 author = {Ricketts, Daniel and Robert, Valentin and Jang, Dongseok and Tatlock, Zachary and Lerner, Sorin},
 title = {{Automating Formal Proofs for Reactive Systems}},
 booktitle = {Proceedings of the 35th ACM SIGPLAN Conference on Programming Language Design and Implementation},
 series = {PLDI '14},
 year = {2014},
 isbn = {978-1-4503-2784-8},
 location = {Edinburgh, United Kingdom},
 pages = {452--462},
 numpages = {11},
 url = {http://doi.acm.org/10.1145/2594291.2594338},
 doi = {10.1145/2594291.2594338},
 acmid = {2594338},
 publisher = {ACM},
 address = {New York, NY, USA},
 keywords = {dependent types, domain-specific languages, interactive proof assistants, proof automation, reactive systems},
}

@incollection{dalkiran2012common,
  title={Common knowledge and state-dependent equilibria},
  author={Dalkiran, Nuh Aygun and Hoffman, Moshe and Paturi, Ramamohan and Ricketts, Daniel and Vattani, Andrea},
  booktitle={Algorithmic game theory},
  pages={84--95},
  year={2012},
  publisher={Springer Berlin Heidelberg}
}

* Floating point

@inproceedings{flocq11,
author={Boldo, S. and Melquiond, G.},
booktitle={Computer Arithmetic (ARITH), 2011 20th IEEE Symposium on},
title={{Flocq: A Unified Library for Proving Floating-Point Algorithms in Coq}},
year={2011},
month={July},
pages={243-252},
keywords={fixed point arithmetic;floating point arithmetic;program verification;Coq system;Flocq;fixed-point format;floating point algorithm;floating-point format;generic proof assistant;multiprecision formalization;multiradix formalization;program verification;unified library;Arrays;Automation;Electronic mail;Humans;Libraries;Safety;Testing;floating-point arithmetic;formal proof system;program verification},
doi={10.1109/ARITH.2011.40},
}

** Eva Darulova
@inproceedings{darulova2014sound,
 author = {Darulova, Eva and Kuncak, Viktor},
 title = {Sound Compilation of Reals},
 booktitle = {Proceedings of the 41st ACM SIGPLAN-SIGACT Symposium on Principles of Programming Languages},
 series = {POPL '14},
 year = {2014},
 isbn = {978-1-4503-2544-8},
 location = {San Diego, California, USA},
 pages = {235--248},
 numpages = {14},
 url = {http://doi.acm.org/10.1145/2535838.2535874},
 doi = {10.1145/2535838.2535874},
 acmid = {2535874},
 publisher = {ACM},
 address = {New York, NY, USA},
 keywords = {compilation, embedded systems, fixed-point arithmetic, floating-point arithmetic, numerical approximation, roundoff error, scientific computing, sensitivity analysis, verification},
}

@inproceedings{darulova2013synthesis,
  title={Synthesis of fixed-point programs},
  author={Darulova, Eva and Kuncak, Viktor and Majumdar, Rupak and Saha, Indranil},
  booktitle={Proceedings of the Eleventh ACM International Conference on Embedded Software},
  pages={22},
  year={2013},
  organization={IEEE Press}
}

@inproceedings{darulova2013certifying,
  title={Certifying solutions for numerical constraints},
  author={Darulova, Eva and Kuncak, Viktor},
  booktitle={Runtime Verification},
  pages={277--291},
  year={2013},
  organization={Springer}
}

@inproceedings{darulova2011trustworthy,
 author = {Darulova, Eva and Kuncak, Viktor},
 title = {Trustworthy Numerical Computation in Scala},
 booktitle = {Proceedings of the 2011 ACM International Conference on Object Oriented Programming Systems Languages and Applications},
 series = {OOPSLA '11},
 year = {2011},
 isbn = {978-1-4503-0940-0},
 location = {Portland, Oregon, USA},
 pages = {325--344},
 numpages = {20},
 url = {http://doi.acm.org/10.1145/2048066.2048094},
 doi = {10.1145/2048066.2048094},
 acmid = {2048094},
 publisher = {ACM},
 address = {New York, NY, USA},
 keywords = {affine arithmetic, floating point, numerical computation},
}

* Motivation
** Bugs
@inproceedings{yang2011understanding-compiler-bugs,
 author = {Yang, Xuejun and Chen, Yang and Eide, Eric and Regehr, John},
 title = {Finding and Understanding Bugs in {C} Compilers},
 series = {PLDI '11},
 year = {2011},
 isbn = {978-1-4503-0663-8},
 location = {San Jose, California, USA},
 pages = {283--294},
 numpages = {12},
 url = {http://doi.acm.org/10.1145/1993498.1993532},
 doi = {10.1145/1993498.1993532},
 acmid = {1993532},
 publisher = {ACM},
 address = {New York, NY, USA},
 keywords = {automated testing, compiler defect, compiler testing, random program generation, random testing},
}

* Books
@book{pierce2002tapl,
  title={Types and Programming Languages},
  author={Pierce, B.C.},
  isbn={9780262162098},
  lccn={2001044428},
  url={http://books.google.com/books?id=ti6zoAC9Ph8C},
  year={2002},
  publisher={MIT Press}
}

* Verification
@article{hoare1971find,
 author = {Hoare, C. A. R.},
 title = {Proof of a Program: FIND},
 journal = {Commun. ACM},
 issue_date = {Jan. 1971},
 volume = {14},
 number = {1},
 month = jan,
 year = {1971},
 issn = {0001-0782},
 pages = {39--45},
 numpages = {7},
 url = {http://doi.acm.org/10.1145/362452.362489},
 doi = {10.1145/362452.362489},
 acmid = {362489},
 publisher = {ACM},
 address = {New York, NY, USA},
 keywords = {program correctness, program documentation, programming methodology, proofs of programs, theory of programming},
}

@inproceedings{gu2011certikos,
 author = {Gu, Liang and Vaynberg, Alexander and Ford, Bryan and Shao, Zhong and Costanzo, David},
 title = {CertiKOS: A Certified Kernel for Secure Cloud Computing},
 booktitle = {Proceedings of the Second Asia-Pacific Workshop on Systems},
 series = {APSys '11},
 year = {2011},
 isbn = {978-1-4503-1179-3},
 location = {Shanghai, China},
 pages = {3:1--3:5},
 articleno = {3},
 numpages = {5},
 url = {http://doi.acm.org/10.1145/2103799.2103803},
 doi = {10.1145/2103799.2103803},
 acmid = {2103803},
 publisher = {ACM},
 address = {New York, NY, USA},
} 

* Probability
@Article{hansson1994pctl,
author="Hansson, Hans
and Jonsson, Bengt",
title="A logic for reasoning about time and reliability",
journal="Formal Aspects of Computing",
year=1994,
volume="6",
number="5",
pages="512--535",
abstract="We present a logic for stating properties such as, ``after a request for service there is at least a 98\% probability that the service will be carried out within 2 seconds''. The logic extends the temporal logic CTL by Emerson, Clarke and Sistla with time and probabilities. Formulas are interpreted over discrete time Markov chains. We give algorithms for checking that a given Markov chain satisfies a formula in the logic. The algorithms require a polynomial number of arithmetic operations, in size of both the formula and the Markov chain. A simple example is included to illustrate the algorithms.",
issn="1433-299X",
doi="10.1007/BF01211866",
url="http://dx.doi.org/10.1007/BF01211866"
}

@inproceedings{cousineau2012tla+,
  title={{TLA+ proofs}},
  author={Cousineau, Denis and Doligez, Damien and Lamport, Leslie and Merz, Stephan and Ricketts, Daniel and Vanzetto, Hern{\'a}n},
  booktitle={International Symposium on Formal Methods},
  pages={147--154},
  year={2012},
  organization={Springer Berlin Heidelberg}
}

* WCET
@inproceedings{carbonneaux2014end,
  title={End-to-end verification of stack-space bounds for C programs},
  author={Carbonneaux, Quentin and Hoffmann, Jan and Ramananandro, Tahina and Shao, Zhong},
  booktitle={Proceedings of the 35th ACM SIGPLAN Conference on Programming Language Design and Implementation},
  year={2014},
}

@inproceedings{carbonneauxcompositional,
  title={Compositional Certified Resource Bounds},
  author={Carbonneaux, Quentin and Hoffmann, Jan and Shao, Zhong},
  booktitle={Proceedings of the 36th ACM SIGPLAN Conference on Programming Language Design and Implementation},
  year={2015},
}

@inproceedings{hoffman15cost,
  author    = {Jan Hoffmann and
               Zhong Shao},
  title     = {Automatic Static Cost Analysis for Parallel Programs},
  booktitle = {Programming Languages and Systems - 24th European Symposium on Programming,
               {ESOP} 2015, Held as Part of the European Joint Conferences on Theory
               and Practice of Software, {ETAPS} 2015, London, UK, April 11-18, 2015.
               Proceedings},
  pages     = {132--157},
  year      = {2015},
  url       = {http://dx.doi.org/10.1007/978-3-662-46669-8_6},
  doi       = {10.1007/978-3-662-46669-8_6},
  timestamp = {Tue, 07 Apr 2015 15:19:02 +0200},
  biburl    = {http://dblp.uni-trier.de/rec/bib/conf/esop/0002S15},
  bibsource = {dblp computer science bibliography, http://dblp.org}
}

@inproceedings{hoffman14types,
  author    = {Jan Hoffmann and
               Zhong Shao},
  title     = {Type-Based Amortized Resource Analysis with Integers and Arrays},
  booktitle = {Functional and Logic Programming - 12th International Symposium, {FLOPS}
               2014, Kanazawa, Japan, June 4-6, 2014. Proceedings},
  pages     = {152--168},
  year      = {2014},
  url       = {http://dx.doi.org/10.1007/978-3-319-07151-0_10},
  doi       = {10.1007/978-3-319-07151-0_10},
  timestamp = {Fri, 23 May 2014 14:56:52 +0200},
  biburl    = {http://dblp.uni-trier.de/rec/bib/conf/flops/0002S14},
  bibsource = {dblp computer science bibliography, http://dblp.org}
}

@phdthesis{maroneze2014certified,
  title={Certified Compilation and Worst-Case Execution Time Estimation},
  author={Maroneze, Andr{\'e} Oliveira},
  year={2014},
  school={Rennes 1}
}

@article{wilhelm2008worst,
 author = {Wilhelm, Reinhard and Engblom, Jakob and Ermedahl, Andreas and Holsti, Niklas and Thesing, Stephan and Whalley, David and Bernat, Guillem and Ferdinand, Christian and Heckmann, Reinhold and Mitra, Tulika and Mueller, Frank and Puaut, Isabelle and Puschner, Peter and Staschulat, Jan and Stenstr\"{o}m, Per},
 title = {The Worst-case Execution-time Problem-Overview of Methods and Survey of Tools},
 journal = {ACM Trans. Embed. Comput. Syst.},
 issue_date = {April 2008},
 volume = {7},
 number = {3},
 month = may,
 year = {2008},
 issn = {1539-9087},
 pages = {36:1--36:53},
 articleno = {36},
 numpages = {53},
 url = {http://doi.acm.org/10.1145/1347375.1347389},
 doi = {10.1145/1347375.1347389},
 acmid = {1347389},
 publisher = {ACM},
 address = {New York, NY, USA},
 keywords = {Hard real time, worst-case execution times},
}

@misc{absint,
  title = {{aiT Worst-Case Execution Time Analyzers}},
  howpublished = {\url{http://www.absint.com/ait/}},
  note = {Accessed: 2015-04-30}
}

@unpublished{malecha2016coq-smt-check,
  title={{Coq SMT Check}},
  author={Gregory Malecha},
  url={https://github.com/gmalecha/coq-smt-check},
  year={2016}
}

@unpublished{avigad2016polya,
  title={{A Heuristic Prover for Real Inequalities}},
  author={{Jeremy Avigad and Robert Y. Lewis and Cody Roux}},
  url={{http://www.andrew.cmu.edu/user/avigad/Papers/polya.pdf}},
  year={2016}
}

@techreport{amjad2004combining,
  title={{Combining model checking and theorem proving}},
  author={Hasan Amjad},
  month={September},
  year={2004},
  number={601},
  intuitute={University of Cambridge Computer Laboratory}
}

@article{appel2015hmac,
 author = {Appel, Andrew W.},
 title = {Verification of a Cryptographic Primitive: SHA-256},
 journal = {ACM Trans. Program. Lang. Syst.},
 issue_date = {April 2015},
 volume = {37},
 number = {2},
 month = apr,
 year = {2015},
 issn = {0164-0925},
 pages = {7:1--7:31},
 articleno = {7},
 numpages = {31},
 url = {http://doi.acm.org/10.1145/2701415},
 doi = {10.1145/2701415},
 acmid = {2701415},
 publisher = {ACM},
 address = {New York, NY, USA},
 keywords = {Cryptography},
} 

@Inbook{besson2011smt-in-coq,
author="Besson, Fr{\'e}d{\'e}ric
and Cornilleau, Pierre-Emmanuel
and Pichardie, David",
BLAHeditor="Jouannaud, Jean-Pierre
and Shao, Zhong",
chapter={{Modular SMT Proofs for Fast Reflexive Checking Inside Coq}},
title="CPP'11",
year="2011",
publisher="Springer Berlin Heidelberg",
BLAHaddress="Berlin, Heidelberg",
pages="151--166",
isbn="978-3-642-25379-9",
doi="10.1007/978-3-642-25379-9_13",
url="http://dx.doi.org/10.1007/978-3-642-25379-9_13"
}

@Inbook{armand2011smt-in-coq,
author="Armand, Michael
and Faure, Germain
and Gr{\'e}goire, Benjamin
and Keller, Chantal
and Th{\'e}ry, Laurent
and Werner, Benjamin",
BLAHeditor="Jouannaud, Jean-Pierre and Shao, Zhong",
chapter="A Modular Integration of SAT/SMT Solvers to Coq through Proof Witnesses",
title="CPP'11",
year="2011",
publisher="Springer Berlin Heidelberg",
BLAHaddress="Berlin, Heidelberg",
pages="135--150",
isbn="978-3-642-25379-9",
doi="10.1007/978-3-642-25379-9_12",
url="http://dx.doi.org/10.1007/978-3-642-25379-9_12"
}

* Temporal Logic



@ARTICLE{wongpiromsarntemporal15,
author={T. Wongpiromsarn and U. Topcu and A. Lamperski}, 
journal={IEEE Transactions on Automatic Control}, 
title={Automata Theory Meets Barrier Certificates: Temporal Logic Verification of Nonlinear Systems}, 
year={2015}, 
volume={PP}, 
number={99}, 
pages={1-1}, 
keywords={Aerospace electronics;Automata;Model checking;Nonlinear systems;Safety;Trajectory;Yttrium;Automata;barrier certificates;linear temporal logic}, 
doi={10.1109/TAC.2015.2511722}, 
ISSN={0018-9286}, 
month={},}

@inproceedings{dimitrovaATL14,
 author = {Dimitrova, Rayna and Majumdar, Rupak},
 title = {Deductive Control Synthesis for Alternating-time Logics},
 series = {EMSOFT '14},
 year = {2014},
 isbn = {978-1-4503-3052-7},
 location = {New Delhi, India},
 pages = {14:1--14:10},
 articleno = {14},
 numpages = {10},
 url = {http://doi.acm.org/10.1145/2656045.2656054},
 doi = {10.1145/2656045.2656054},
 acmid = {2656054},
 publisher = {ACM},
 address = {New York, NY, USA},
 keywords = {barrier certificates, control synthesis, deductive proof systems, lyapunov functions},
} 

#+STARTUP: showall

#+BEGIN_COMMENT
Local Variables:
mode: org
End:
#+END_COMMENT
